% Encoding: UTF-8

@Book{Latexrumen,
  title     = {LaTex入门},
  publisher = {电子工业出版社},
  year      = {2013},
  author    = {刘海洋},
}

@Book{Hartley2004,
  title     = {Multiple View Geometry in Computer Vision},
  publisher = {Cambridge University Press, ISBN: 0521540518},
  year      = {2004},
  author    = {Hartley, R.~I. and Zisserman, A.},
  edition   = {Second},
}

@Comment{jabref-meta: databaseType:bibtex;}
